<record xmlns='http://www.loc.gov/MARC21/slim'><leader>01630cim a22003732u 4500</leader><controlfield tag='001'>3601667</controlfield><controlfield tag='005'>20151214182918.0</controlfield><controlfield tag='007'>ss|lmnjluz|nuu</controlfield><controlfield tag='008'>991101s1988    nyunnn         l    eng d</controlfield><datafield ind1=' ' ind2=' ' tag='035'><subfield code='a'>(NIC)notisASF8732</subfield></datafield><datafield ind1=' ' ind2=' ' tag='035'><subfield code='a'>3601667</subfield></datafield><datafield ind1=' ' ind2=' ' tag='035'><subfield code='a'>(OCoLC)63898001</subfield></datafield><datafield ind1=' ' ind2=' ' tag='040'><subfield code='a'>NIC</subfield><subfield code='c'>NIC</subfield><subfield code='d'>NIC</subfield><subfield code='d'>NIC</subfield></datafield><datafield ind1='1' ind2=' ' tag='100'><subfield code='a'>Sagan, Carl,</subfield><subfield code='d'>1934-1996.</subfield></datafield><datafield ind1='1' ind2='0' tag='245'><subfield code='a'>Goals for the 21st-century</subfield><subfield code='h'>[sound recording]</subfield></datafield><datafield ind1=' ' ind2=' ' tag='260'><subfield code='c'>1988.</subfield></datafield><datafield ind1=' ' ind2=' ' tag='300'><subfield code='a'>1 sound cassette :</subfield><subfield code='b'>analog, mono.</subfield></datafield><datafield ind1=' ' ind2=' ' tag='500'><subfield code='a'>Recorded in Ithaca, NY by Cornell University.</subfield></datafield><datafield ind1=' ' ind2=' ' tag='500'><subfield code='a'>Accompanied by: Notes.</subfield></datafield><datafield ind1=' ' ind2=' ' tag='500'><subfield code='a'>Sponsored by: Alumni Affairs, Office of.</subfield></datafield><datafield ind1=' ' ind2=' ' tag='500'><subfield code='a'>Speaker(s): Sagan is the David Duncan Professor of Astronomy and Space Sciences; Director of the Laboratory for Planetary Studies; creator of &quot;Cosmos&quot; television series and author of &quot;Dragons of Eden&quot;, &quot;Broca&apos;s Brain&quot;, etc.</subfield></datafield><datafield ind1=' ' ind2=' ' tag='518'><subfield code='a'>Lecture, June 10, 1988.</subfield></datafield><datafield ind1=' ' ind2=' ' tag='520'><subfield code='a'>Sagan discusses the socioeconomic implications of present-day expenditures on conventional and nuclear arms as well as the hypothetical recognition of states like South Africa on the future.</subfield></datafield><datafield ind1=' ' ind2=' ' tag='540'><subfield code='a'>No reproductions authorized.</subfield></datafield><datafield ind1=' ' ind2='0' tag='650'><subfield code='a'>Nuclear warfare</subfield><subfield code='x'>Social aspects.</subfield></datafield><datafield ind1=' ' ind2='0' tag='650'><subfield code='a'>Nuclear weapons.</subfield></datafield><datafield ind1=' ' ind2='0' tag='650'><subfield code='a'>Nuclear nonproliferation.</subfield></datafield><datafield ind1=' ' ind2='7' tag='650'><subfield code='a'>Nuclear nonproliferation</subfield><subfield code='2'>fast</subfield><subfield code='0'>(OCoLC)fst01040376</subfield></datafield><datafield ind1=' ' ind2='7' tag='650'><subfield code='a'>Nuclear warfare</subfield><subfield code='x'>Social aspects</subfield><subfield code='2'>fast</subfield><subfield code='0'>(OCoLC)fst01040951</subfield></datafield><datafield ind1=' ' ind2='7' tag='650'><subfield code='a'>Nuclear weapons</subfield><subfield code='2'>fast</subfield><subfield code='0'>(OCoLC)fst01040971</subfield></datafield><datafield ind1=' ' ind2='0' tag='830'><subfield code='a'>Spencer T. and Ann W. Olin lectures.</subfield></datafield><datafield ind1='1' ind2=' ' tag='899'><subfield code='a'>CULectures</subfield></datafield><datafield ind1=' ' ind2=' ' tag='905'><subfield code='a'>20000320120000.0</subfield></datafield><datafield ind1='2' ind2=' ' tag='948'><subfield code='a'>20141221</subfield><subfield code='b'>m</subfield><subfield code='d'>batch</subfield><subfield code='e'>lts</subfield><subfield code='x'>addfast</subfield></datafield></record>